<record><leader>00000cas a22000007i 4500</leader><controlfield tag="001">844196272</controlfield><controlfield tag="006">m     o  d        </controlfield><controlfield tag="007">cr |||||||||||</controlfield><controlfield tag="008">840709d18431844vtuwr neo     0   a0eng d</controlfield><datafield ind1=" " ind2=" " tag="010"><subfield code="a">  2013271923</subfield></datafield><datafield ind1=" " ind2=" " tag="040"><subfield code="a">Nz</subfield><subfield code="b">eng</subfield><subfield code="e">rda</subfield><subfield code="c">Z5A</subfield><subfield code="d">OCLCA</subfield><subfield code="d">DLC</subfield><subfield code="d">OCLCF</subfield></datafield><datafield ind1="0" ind2=" " tag="022"><subfield code="a">2333-7737</subfield><subfield code="2">1</subfield></datafield><datafield ind1="0" ind2=" " tag="029"><subfield code="a">NZ1</subfield><subfield code="b">14842074</subfield></datafield><datafield ind1=" " ind2=" " tag="042"><subfield code="a">msc</subfield><subfield code="a">nsdp</subfield></datafield><datafield ind1=" " ind2=" " tag="043"><subfield code="a">n-us-vt</subfield></datafield><datafield ind1="1" ind2="0" tag="050"><subfield code="a">ISSN RECORD</subfield></datafield><datafield ind1="0" ind2="0" tag="082"><subfield code="a">071</subfield><subfield code="2">23</subfield></datafield><datafield ind1="0" ind2=" " tag="130"><subfield code="a">Northern galaxy, and Middlebury people's press (Online)</subfield></datafield><datafield ind1=" " ind2="4" tag="222"><subfield code="a">The Northern galaxy, and Middlebury people's press</subfield><subfield code="b">(Online)</subfield></datafield><datafield ind1="1" ind2="4" tag="245"><subfield code="a">The Northern galaxy, and Middlebury people's press.</subfield></datafield><datafield ind1=" " ind2="1" tag="264"><subfield code="a">Middlebury, Vermont :</subfield><subfield code="b">J. Cobb, Jr.,</subfield><subfield code="c">1843-1844.</subfield></datafield><datafield ind1=" " ind2=" " tag="300"><subfield code="a">1 online resource</subfield></datafield><datafield ind1=" " ind2=" " tag="310"><subfield code="a">Weekly</subfield></datafield><datafield ind1=" " ind2=" " tag="336"><subfield code="a">text</subfield><subfield code="b">txt</subfield><subfield code="2">rdacontent</subfield></datafield><datafield ind1=" " ind2=" " tag="337"><subfield code="a">computer</subfield><subfield code="b">c</subfield><subfield code="2">rdamedia</subfield></datafield><datafield ind1=" " ind2=" " tag="338"><subfield code="a">online resource</subfield><subfield code="b">cr</subfield><subfield code="2">rdacarrier</subfield></datafield><datafield ind1="1" ind2=" " tag="362"><subfield code="a">Began with Vol. VIII, no. 29 (November 22, 1843); ceased with vol. VIII, no. 39 (January 31, 1844).</subfield></datafield><datafield ind1=" " ind2=" " tag="500"><subfield code="a">Editor: H. Bell, 1843-1844.</subfield></datafield><datafield ind1=" " ind2=" " tag="588"><subfield code="a">Description based on: Vol. VIII, no. 29 (November 22, 1843) (Chroniclingamerica.loc.gov, viewed February 12, 2014).</subfield></datafield><datafield ind1=" " ind2=" " tag="588"><subfield code="a">Latest issue consulted: Vol. VIII, no. 39 (January 31, 1844) (Chroniclingamerica.loc.gov, viewed February 12, 2014).</subfield></datafield><datafield ind1=" " ind2="0" tag="651"><subfield code="a">Middlebury (Vt.)</subfield><subfield code="v">Newspapers.</subfield></datafield><datafield ind1=" " ind2="0" tag="651"><subfield code="a">Vermont</subfield><subfield code="v">Newspapers.</subfield></datafield><datafield ind1=" " ind2="7" tag="655"><subfield code="a">Newspapers.</subfield><subfield code="2">fast</subfield><subfield code="0">(OCoLC)fst01423814</subfield></datafield><datafield ind1=" " ind2="7" tag="651"><subfield code="a">Vermont.</subfield><subfield code="2">fast</subfield><subfield code="0">(OCoLC)fst01204305</subfield></datafield><datafield ind1=" " ind2="7" tag="651"><subfield code="a">Vermont</subfield><subfield code="z">Middlebury.</subfield><subfield code="2">fast</subfield><subfield code="0">(OCoLC)fst01202765</subfield></datafield><datafield ind1="1" ind2=" " tag="700"><subfield code="a">Bell, Harvey,</subfield><subfield code="d">1791-1848.</subfield></datafield><datafield ind1=" " ind2=" " tag="752"><subfield code="a">United States</subfield><subfield code="b">Vermont</subfield><subfield code="c">Addison</subfield><subfield code="d">Middlebury.</subfield></datafield><datafield ind1="0" ind2="8" tag="776"><subfield code="i">Originally issued in print:</subfield><subfield code="t">Northern galaxy, and Middlebury people's press</subfield><subfield code="x">2333-7729</subfield><subfield code="w">(DLC)sn 84023648</subfield><subfield code="w">(OCoLC)10928363</subfield></datafield><datafield ind1="0" ind2="0" tag="780"><subfield code="t">Middlebury people's press (Online)</subfield></datafield><datafield ind1="0" ind2="0" tag="785"><subfield code="t">Northern galaxy (Online)</subfield></datafield><datafield ind1="4" ind2="0" tag="856"><subfield code="u">http://chroniclingamerica.loc.gov/lccn/sn84023648/issues</subfield></datafield></record>